@Article{fishtank,
  date         = "2020-03-24",
  title        = "Coronavirus: Man dies taking fish tank cleaner as
                 virus drug",
  journal      = "BBC",
  URL          = "https://www.bbc.com/news/52012242",
  urldate      = "2020-03-27",
  author       = "",
  year         = "2020",
}

@Article{socialriskreduction,
  author       = "David E. Alexander",
  title        = "Social Media in Disaster Risk Reduction and Crisis
                 Management",
  journal      = "Science and Engineering Ethics",
  year         = "2014",
  month        = sep,
  day          = "01",
  volume       = "20",
  number       = "3",
  pages        = "717--733",
  ISSN         = "1471-5546",
  doi          = "10.1007/s11948-013-9502-z",
  URL          = "https://doi.org/10.1007/s11948-013-9502-z",
}

@Article{twitterpropagation,
  author       = "Margaret L. McLaughlin and Jinghui Hou and Jingbo Meng
                 and Chih-Wei Hu and Zheng An and Mina Park and Yujung
                 Nam",
  title        = "Propagation of Information About Preexposure
                 Prophylaxis (Pr{EP}) for {HIV} Prevention Through
                 Twitter",
  journal      = "Health Communication",
  volume       = "31",
  number       = "8",
  pages        = "998--1007",
  year         = "2016",
  publisher    = "Routledge",
  doi          = "10.1080/10410236.2015.1027033",
  note         = "PMID: 26756069",
  URL          = "https://doi.org/10.1080/10410236.2015.1027033",
  eprint       = "https://doi.org/10.1080/10410236.2015.1027033",
}

@Article{textcat,
  title        = "Text Categorization Models for Identifying Unproven
                 Cancer Treatments on the Web",
  URL          = "https://search.informit.com.au/documentSummary;dn=781298524575088;res=IELHEA",
  journal      = "Medinfo 2007: Proceedings of the 12th World Congress
                 on Health (Medical) Informatics; Building Sustainable
                 Health Systems",
  author       = "Yin Aphinyanaphongs and Constantin Aliferis",
  year         = "2007",
  pages        = "968–972",
}

@InProceedings{fakenews,
  author       = "Yang Liu and Yi-Fang Wu",
  year         = "2018",
  month        = "12",
  pages        = "",
  booktitle    = "AAAI",
  title        = "Early Detection of Fake News on Social Media Through
                 Propagation Path Classification with Recurrent and
                 Convolutional Networks",
  URL          = "https://www.aaai.org/ocs/index.php/AAAI/AAAI18/paper/view/16826",
}

@Article{rumordetection,
  author       = "Sejeong Kwon and Meeyoung Cha and Jung Kyomin",
  journal      = "PLOS ONE",
  publisher    = "Public Library of Science",
  title        = "Rumor Detection over Varying Time Windows",
  year         = "2017",
  month        = "01",
  volume       = "12",
  URL          = "https://doi.org/10.1371/journal.pone.0168344",
  pages        = "1--19",
  number       = "1",
  doi          = "10.1371/journal.pone.0168344",
}

@Software{fakenewsgithub,
  author       = "Choi Seong Jae",
  title        = "Yang Liu, Yi-Fang Brook Wu ``Early Detection of Fake
                 News on Social Media Through Propagation Path
                 Classification with Recurrent and Convolutional
                 Networks''",
  URL          = "https://github.com/yumere/early-fakenews-detection",
  version      = "39f8b75",
  date         = "2018-12-18",
}

@Online{stockcircuitbreakers,
  author       = "Avie Schneider and Scott Horsley",
  date         = "2020-03-09",
  URL          = "https://www.npr.org/2020/03/09/813682567/how-stock-market-circuit-breakers-work",
  year         = "2020",
}

@Online{trumpchloroquinetweet,
  author       = "Donald Trump",
  user         = "realDonaldTrump",
  date         = "2020-03-21",
  title        = "{HYDROXYCHLOROQUINE} \& {AZITHROMYCIN}, taken
                 together, have a real chance to be one of the biggest
                 game changers in the history of medicine. The {FDA} has
                 moved mountains - Thank You! Hopefully they will {BOTH}
                 ({H} works better with {A}, International Journal of
                 Antimicrobial Agents).....",
  URL          = "https://twitter.com/realDonaldTrump/status/1241367239900778501",
  year         = "2020",
}

@Online{goodolebarack,
  author       = "Barack Obama",
  user         = "BarackObama",
  date         = "2020-03-12",
  title        = "If you’re wondering whether it’s an overreaction
                 to cancel large gatherings and public events (and {I}
                 love basketball), here’s a useful primer as to why
                 these measures can slow the spread of the virus and
                 save lives. We have to look out for each other",
  URL          = "https://twitter.com/BarackObama/status/1238238576141352966",
  year         = "2020",
}

@Online{dangeroustweeter,
  author       = "Taylor Jardin",
  user         = "JardinTaylor",
  date         = "2020-03-10",
  title        = "Coronavirus is everywhere. {BOOK} {THAT} {FLIGHT}.
                 Take that trip. You probably won’t die from it, but
                 even if you do... You wanna die with the Eiffel Tower
                 in the background, or you wanna die with {I}-20 in the
                 background? You decide.",
  URL          = "https://twitter.com/JardinTaylor/status/1237429345632882688",
  year         = "2020",
}

@Online{sarcastictweet,
  author       = "Keldrick Kinder",
  user         = "stayfrea_",
  date         = "2020-03-04",
  title        = "{ALERT}!!!!!! The corona virus can be spread through
                 money. If you have any money at home, put on some
                 gloves, put all the money in to a plastic bag and put
                 it outside the front door tonight. {I}'m collecting all
                 the plastic bags tonight for safety. Think of your
                 health.",
  URL          = "https://twitter.com/stayfrea\_/status/1235256530728972290",
  year         = "2020",
}

@Misc{dataset,
  title        = "{COVID}-19: The First Public Coronavirus Twitter
                 Dataset",
  author       = "Emily Chen and Kristina Lerman and Emilio Ferrara",
  year         = "2020",
  eprint       = "2003.07372",
  archiveprefix = "arXiv",
  primaryclass = "cs.SI",
  URL          = "https://arxiv.org/abs/2003.07372v1",
}

@Online{myghrepo,
  author       = "Matthew Leon",
  year         = "2020",
  title        = "Supplementary Materials for {"}Detecting Harmful
                 Medical Advice by Analyzing the Characteristics of
                 Retweeters{"}",
  URL          = "https://github.com/leonm1/medical-advice-twitter-project",
}
